[gd_scene load_steps=37 format=2]

[ext_resource path="res://Assets/Scripts/Player.gd" type="Script" id=1]
[ext_resource path="res://Assets/Textures/Sprites/toby_sprite/toby_running_left_0.png" type="Texture" id=2]
[ext_resource path="res://Assets/Textures/Sprites/toby_sprite/toby_running_left_1.png" type="Texture" id=3]
[ext_resource path="res://Assets/Textures/Sprites/toby_sprite/toby_running_left_2.png" type="Texture" id=4]
[ext_resource path="res://Assets/Textures/Sprites/toby_sprite/toby_running_left_3.png" type="Texture" id=5]
[ext_resource path="res://Assets/Textures/Sprites/barty_sprite/barty_0.png" type="Texture" id=6]
[ext_resource path="res://Assets/Textures/Sprites/barty_sprite/barty_1.png" type="Texture" id=7]
[ext_resource path="res://Assets/Textures/Sprites/will_sprite/will_running_right_0.png" type="Texture" id=8]
[ext_resource path="res://Assets/Textures/Sprites/will_sprite/will_running_right_1.png" type="Texture" id=9]
[ext_resource path="res://Assets/Textures/Sprites/will_sprite/will_running_right_2.png" type="Texture" id=10]
[ext_resource path="res://Assets/Textures/Sprites/will_sprite/will_running_right_3.png" type="Texture" id=11]
[ext_resource path="res://Assets/Textures/Sprites/toby_sprite/toby_running_right_0.png" type="Texture" id=12]
[ext_resource path="res://Assets/Textures/Sprites/toby_sprite/toby_running_right_1.png" type="Texture" id=13]
[ext_resource path="res://Assets/Textures/Sprites/toby_sprite/toby_running_right_2.png" type="Texture" id=14]
[ext_resource path="res://Assets/Textures/Sprites/toby_sprite/toby_running_right_3.png" type="Texture" id=15]
[ext_resource path="res://Assets/Textures/Sprites/barty_sprite/barty_running_left_0.png" type="Texture" id=16]
[ext_resource path="res://Assets/Textures/Sprites/barty_sprite/barty_running_left_1.png" type="Texture" id=17]
[ext_resource path="res://Assets/Textures/Sprites/barty_sprite/barty_running_left_2.png" type="Texture" id=18]
[ext_resource path="res://Assets/Textures/Sprites/barty_sprite/barty_running_left_3.png" type="Texture" id=19]
[ext_resource path="res://Assets/Textures/Sprites/barty_sprite/barty_running_right_0.png" type="Texture" id=20]
[ext_resource path="res://Assets/Textures/Sprites/barty_sprite/barty_running_right_1.png" type="Texture" id=21]
[ext_resource path="res://Assets/Textures/Sprites/barty_sprite/barty_running_right_2.png" type="Texture" id=22]
[ext_resource path="res://Assets/Textures/Sprites/barty_sprite/barty_running_right_3.png" type="Texture" id=23]
[ext_resource path="res://Assets/Textures/Sprites/will_sprite/will_running_left_0.png" type="Texture" id=24]
[ext_resource path="res://Assets/Textures/Sprites/will_sprite/will_running_left_1.png" type="Texture" id=25]
[ext_resource path="res://Assets/Textures/Sprites/will_sprite/will_running_left_2.png" type="Texture" id=26]
[ext_resource path="res://Assets/Textures/Sprites/will_sprite/will_running_left_3.png" type="Texture" id=27]
[ext_resource path="res://Assets/Textures/Sprites/will_sprite/will_0.png" type="Texture" id=28]
[ext_resource path="res://Assets/Textures/Sprites/will_sprite/will_1.png" type="Texture" id=29]
[ext_resource path="res://Assets/Textures/Sprites/toby_sprite/toby_0.png" type="Texture" id=30]
[ext_resource path="res://Assets/Textures/Sprites/toby_sprite/toby_1.png" type="Texture" id=31]

[sub_resource type="SpriteFrames" id=1]

animations = [ {
"frames": [ ExtResource( 2 ), ExtResource( 3 ), ExtResource( 4 ), ExtResource( 5 ) ],
"loop": true,
"name": "toby_running_left",
"speed": 2.5
}, {
"frames": [ ExtResource( 6 ), ExtResource( 7 ) ],
"loop": true,
"name": "barty",
"speed": 2.5
}, {
"frames": [ ExtResource( 8 ), ExtResource( 9 ), ExtResource( 10 ), ExtResource( 11 ) ],
"loop": true,
"name": "will_running_right",
"speed": 2.5
}, {
"frames": [ ExtResource( 12 ), ExtResource( 13 ), ExtResource( 14 ), ExtResource( 15 ) ],
"loop": true,
"name": "toby_running_right",
"speed": 2.5
}, {
"frames": [ ExtResource( 16 ), ExtResource( 17 ), ExtResource( 18 ), ExtResource( 19 ) ],
"loop": true,
"name": "barty_running_left",
"speed": 2.5
}, {
"frames": [ ExtResource( 20 ), ExtResource( 21 ), ExtResource( 22 ), ExtResource( 23 ) ],
"loop": true,
"name": "barty_running_right",
"speed": 2.5
}, {
"frames": [ ExtResource( 24 ), ExtResource( 25 ), ExtResource( 26 ), ExtResource( 27 ) ],
"loop": true,
"name": "will_running_left",
"speed": 2.5
}, {
"frames": [ ExtResource( 28 ), ExtResource( 29 ) ],
"loop": true,
"name": "will",
"speed": 2.5
}, {
"frames": [ ExtResource( 30 ), ExtResource( 31 ) ],
"loop": true,
"name": "toby",
"speed": 2.5
} ]

[sub_resource type="RectangleShape2D" id=2]

custom_solver_bias = 0.0
extents = Vector2( 24, 29 )

[sub_resource type="RectangleShape2D" id=3]

custom_solver_bias = 0.0
extents = Vector2( 25, 29 )

[sub_resource type="RectangleShape2D" id=4]

custom_solver_bias = 0.0
extents = Vector2( 24, 1 )

[sub_resource type="RectangleShape2D" id=5]

custom_solver_bias = 0.0
extents = Vector2( 22, 0.5 )

[node name="Player" type="KinematicBody2D"]

input_pickable = false
collision_layer = 1
collision_mask = 1
collision/safe_margin = 0.08
script = ExtResource( 1 )
grav = 400
speed = 300
jspeed = 150
jump_power = 150

[node name="AnimatedSprite" type="AnimatedSprite" parent="." index="0"]

frames = SubResource( 1 )
animation = "barty"

[node name="CollisionShape2D" type="CollisionShape2D" parent="." index="1"]

visible = false
shape = SubResource( 2 )

[node name="Hitbox" type="Area2D" parent="." index="2"]

input_pickable = true
gravity_vec = Vector2( 0, 1 )
gravity = 98.0
linear_damp = 0.1
angular_damp = 1.0
audio_bus_override = false
audio_bus_name = "Master"

[node name="Hitbox Area" type="CollisionShape2D" parent="Hitbox" index="0"]

shape = SubResource( 3 )

[node name="Bottom" type="Area2D" parent="." index="3"]

position = Vector2( 0, 31 )
input_pickable = true
gravity_vec = Vector2( 0, 1 )
gravity = 98.0
linear_damp = 0.1
angular_damp = 1.0
audio_bus_override = false
audio_bus_name = "Master"

[node name="Bottom Area" type="CollisionShape2D" parent="Bottom" index="0"]

shape = SubResource( 4 )

[node name="Top" type="Area2D" parent="." index="4"]

position = Vector2( 0, -38 )
input_pickable = true
gravity_vec = Vector2( 0, 1 )
gravity = 98.0
linear_damp = 0.1
angular_damp = 1.0
audio_bus_override = false
audio_bus_name = "Master"
_sections_unfolded = [ "Transform" ]

[node name="Top Area" type="CollisionShape2D" parent="Top" index="0"]

shape = SubResource( 5 )

[connection signal="body_entered" from="Hitbox" to="." method="_on_Hitbox_body_entered"]

[connection signal="body_entered" from="Bottom" to="." method="_on_Bottom_body_entered"]

[connection signal="body_exited" from="Bottom" to="." method="_on_Bottom_body_exited"]

[connection signal="body_entered" from="Top" to="." method="_on_Top_body_entered"]


